@misc{Frhofweb,
    author    = "Fraunhofer IPA",
    title     = "CNT-Flächenheizung",
    howpublished = {\url{https://www.elektromobilitaet.fraunhofer.de/de/bauweisen_infrastruktur/cnt_flaechenheizung.html}},
		note 			= {Online; zugegriffen 09. Dezember 2018} 
}
@misc{Frhofweb2,
    author    = "Fraunhofer IPA",
    title     = "Anti-Eis-Beschichtungen",
    howpublished = {\url{https://www.igb.fraunhofer.de/de/forschung/kompetenzen/grenzflaechentechnik/plasmaverfahren/anti-eis-beschichtungen.html}},
		note 			= {Online; zugegriffen 15. Dezember 2018} 
}

@misc{ForstRoweb,
    author    = "Forster Rohner AG",
    title     = "TEXTILE FLÄCHENHEIZSTRUKTUREN – SICHER, FLEXIBEL, LEISTUNGSSTARK",
    howpublished = {\url{http://www.frti.ch/technologie/}},
		note 			= {Online; zugegriffen 09. Dezember 2018} 
}
@misc{Aeroweb,
    author    = "Aeroscout GmbH",
    title     = "Aeroscout - Unmanned Aircraft Technology",
		howpublished = {\url{https://www.aeroscout.ch/}},
    note 			= {Online; zugegriffen 09. Dezember 2018} 
}
@thesis{Minderthes,
		 	author	=  "Pascal Mindermann",
			title		= "Detektion von atmosphärischem Eis
aufgrund der Veränderung des Wärmewiderstandes", 
			school	= "Westfälische Hochschule Abt. Bocholt
Fachbereich Maschinenbau",
			year		= "2014"
}
@misc{Eologixweb,
    author    = "eologix sensor technology gmbh",
    title     = "Eologix Sensor System",
		howpublished = {\url{https://eologix.com/de/product-ln/}},
    note 			= {Online; zugegriffen 09. Dezember 2018} 
}
@misc{AirbInoweb,
    author    = "Airborne Innovations",
    title     = "Aircraft Icing Warning Sensor",
		howpublished = {\url{https://www.airborneinnovations.com/ai/products/icewarning/}},
    note 			= {Online; zugegriffen 09. Dezember 2018} 
}
@misc{AeroGuideweb,
    author    = "Aeronautics Guide",
    title     = "Wing Anti-Ice (WAI) System",
		howpublished = {\url{https://okigihan.blogspot.com/2017/05/wing-and-horizontal-and-vertical.html#more}},
    note 			= {Online; zugegriffen 09. Dezember 2018} 
}
@misc{AeroGuideweb2,
    author    = "Aeronautics Guide",
    title     = "Aircraft Wing and Stabilizer Deicing Systems ",
		howpublished = {\url{https://okigihan.blogspot.com/2017/05/wing-and-stabilizer-deicing-systems.html}},
    note 			= {Online; zugegriffen 15. Dezember 2018} 
}
https://okigihan.blogspot.com/2017/05/wing-and-stabilizer-deicing-systems.html
@misc{Swissheliweb,
    author    = "Swiss Helicopter AG",
    title     = "Super Puma AS 332 C1",
		howpublished = {\url{https://www.swisshelicopter.ch/de/ueber-uns/flotte/super-puma-as-332-c1}},
    note 			= {Online; zugegriffen 09. Dezember 2018} 
}
@unpublished{Pumapp,
		author	= "Schweizer Armee",
		titel		= "Enteisung PU",
		note		= "Schulungsunterlagen zur Enteisungsvorrichtung des Super Puma",
		year		= "2005"
}
@misc{tinyweb,
	Author		= "Erich Styger",
	title			= "First tinyK22 Board with NXP K22FN512 ARM Cortex-M4F",
	howpublished = {\url{https://mcuoneclipse.com/2017/12/08/first-tinyk22-board-with-nxp-k22fn512-arm-cortex-m4f/}},
	note 			= {Online; zugegriffen 12. Dezember 2018} 
}
@misc{tinyDemoweb,
	Author 		= "Erich Styger",
	title			=	"tinyK22 Demo",
	howpublished = {\url{https://github.com/ErichStyger/mcuoneclipse/tree/master/Examples/KDS/tinyK22/tinyK22_Demo}},
	note 			= {Online; zugriff 12. Dezember 2018}
}
@misc{tinyLoggerweb,
	Author 		= "Erich Styger",
	title			=	"tinyK20 DataLogger",
	howpublished = {\url{https://github.com/ErichStyger/mcuoneclipse/tree/master/Examples/KDS/tinyK20/tinyK20_DataLogger}},
	note 			= {Online; zugriff 12. Dezember 2018}
}
@manual{SHT71,
	title			=	"Datasheet SHT7x",
	organization 		= "Sensirion AG",
	howpublished = {\url{http://www.mouser.com/ds/2/682/Sensirion_Humidity_SHT7x_Datasheet_V5-469726.pdf}},
	note 			= {Online; zugriff 15 Dezember 2018}
}
@misc{supcoldwiki,
	Author		= "Wikipedia",
	title			= "Unterkühlung (Thermodynamik)",
	howpublished={\url{https://de.wikipedia.org/wiki/Unterk%C3%BChlung_(Thermodynamik)}},
	note 			= {Online; zugriff 19 Dezember 2018}
	}
	